<record xmlns="http://www.loc.gov/MARC21/slim">
   <leader>03224nam a2200613 i 4500</leader>
   <controlfield tag="001">6815659</controlfield>
   <controlfield tag="003">CaPaEBR</controlfield>
   <controlfield tag="006">m     o  d        </controlfield>
   <controlfield tag="007">cr cn|||||||||</controlfield>
   <controlfield tag="008">140917s2015    njuad   ob    001 0 eng|d</controlfield>
   <datafield ind1=" " ind2=" " tag="020">
      <subfield code="a">9781118698341 (e-book)</subfield>
   </datafield>
   <datafield ind1=" " ind2=" " tag="020">
      <subfield code="z">9781118456088 (cloth)</subfield>
   </datafield>
   <datafield ind1=" " ind2=" " tag="035">
      <subfield code="a">ocn891718867</subfield>
   </datafield>
   <datafield ind1=" " ind2=" " tag="039">
      <subfield code="a">exclude</subfield>
   </datafield>
   <datafield ind1=" " ind2=" " tag="040">
      <subfield code="a">CaPaEBR</subfield>
      <subfield code="b">eng</subfield>
      <subfield code="e">rda</subfield>
      <subfield code="e">pn</subfield>
      <subfield code="c">CaPaEBR</subfield>
      <subfield code="d">AEU</subfield>
   </datafield>
   <datafield ind1="1" ind2="4" tag="050">
      <subfield code="a">QC244.2</subfield>
      <subfield code="b">.N39 2015eb</subfield>
   </datafield>
   <datafield ind1="0" ind2="4" tag="082">
      <subfield code="a">534/.22</subfield>
      <subfield code="2">23</subfield>
   </datafield>
   <datafield ind1=" " ind2=" " tag="090">
      <subfield code="a">Internet Access</subfield>
      <subfield code="b">AEC</subfield>
   </datafield>
   <datafield ind1=" " ind2=" " tag="090">
      <subfield code="a">Internet Access</subfield>
      <subfield code="b">AEGMCT</subfield>
   </datafield>
   <datafield ind1=" " ind2=" " tag="090">
      <subfield code="a">Internet Access</subfield>
      <subfield code="b">AGPC</subfield>
   </datafield>
   <datafield ind1=" " ind2=" " tag="090">
      <subfield code="a">Internet Access</subfield>
      <subfield code="b">ARDC</subfield>
   </datafield>
   <datafield ind1=" " ind2=" " tag="090">
      <subfield code="a">Internet Access</subfield>
      <subfield code="b">AEU</subfield>
   </datafield>
   <datafield ind1="1" ind2=" " tag="100">
      <subfield code="a">Nazarov, V. E.</subfield>
      <subfield code="q">(Veniamin Evgen'evich),</subfield>
      <subfield code="e">author.</subfield>
   </datafield>
   <datafield ind1="1" ind2="0" tag="245">
      <subfield code="a">Nonlinear acoustic waves in micro-inhomogeneous solids /</subfield>
      <subfield code="c">Veniamin E. Nazarov and Andrey V. Radostin, Institute of Applied Physics of the Russian Academy of Sciences (IAP RAS), Russia.</subfield>
   </datafield>
   <datafield ind1=" " ind2=" " tag="300">
      <subfield code="a">1 online resource (264 pages) :</subfield>
      <subfield code="b">illustrations</subfield>
   </datafield>
   <datafield ind1=" " ind2=" " tag="336">
      <subfield code="a">text</subfield>
      <subfield code="2">rdacontent</subfield>
   </datafield>
   <datafield ind1=" " ind2=" " tag="337">
      <subfield code="a">computer</subfield>
      <subfield code="b">c</subfield>
      <subfield code="2">rdamedia</subfield>
   </datafield>
   <datafield ind1=" " ind2=" " tag="338">
      <subfield code="a">online resource</subfield>
      <subfield code="b">cr</subfield>
      <subfield code="2">rdacarrier</subfield>
   </datafield>
   <datafield ind1=" " ind2=" " tag="504">
      <subfield code="a">Includes bibliographical references and index.</subfield>
   </datafield>
   <datafield ind1=" " ind2=" " tag="506">
      <subfield code="a">Access restricted to authorized users and institutions.</subfield>
   </datafield>
   <datafield ind1=" " ind2=" " tag="588">
      <subfield code="a">Description based on print version record.</subfield>
   </datafield>
   <datafield ind1=" " ind2=" " tag="596">
      <subfield code="a">21 35 44 57 60</subfield>
   </datafield>
   <datafield ind1=" " ind2="0" tag="650">
      <subfield code="a">Elastic solids.</subfield>
   </datafield>
   <datafield ind1=" " ind2="0" tag="650">
      <subfield code="a">Elastic wave propagation.</subfield>
   </datafield>
   <datafield ind1=" " ind2="0" tag="650">
      <subfield code="a">Inhomogeneous materials.</subfield>
   </datafield>
   <datafield ind1=" " ind2="0" tag="650">
      <subfield code="a">Microstructure.</subfield>
   </datafield>
   <datafield ind1=" " ind2="0" tag="650">
      <subfield code="a">Nonlinear acoustics.</subfield>
   </datafield>
   <datafield ind1="1" ind2=" " tag="700">
      <subfield code="a">Radostin, A. V.</subfield>
      <subfield code="q">(Andre�i Viktorovich),</subfield>
      <subfield code="e">autho</subfield>
   </datafield>
   <datafield ind1="4" ind2="0" tag="856">
      <subfield code="3">Concordia University of Edmonton Access</subfield>
      <subfield code="u">http://site.ebrary.com/lib/concordiaab/Doc?id=10988172</subfield>
      <subfield code="z">(Unlimited Concurrent Users)</subfield>
      <subfield code="z">from ebrary Academic Complete</subfield>
   </datafield>
   <datafield ind1="4" ind2="0" tag="856">
      <subfield code="3">Grande Prairie Regional College Access</subfield>
      <subfield code="u">http://ezproxy.agpc.talonline.ca:80/login?url=http://site.ebrary.com/lib/gprc/Doc?id=10988172</subfield>
      <subfield code="z">(Unlimited Concurrent Users)</subfield>
      <subfield code="z">from ebrary Academic Complete</subfield>
   </datafield>
   <datafield ind1="4" ind2="0" tag="856">
      <subfield code="3">MacEwan University Access</subfield>
      <subfield code="u">http://site.ebrary.com/lib/macewan/Doc?id=10988172</subfield>
      <subfield code="z">(Unlimited Concurrent Users)</subfield>
      <subfield code="z">from ebrary Academic Complete</subfield>
   </datafield>
   <datafield ind1="4" ind2="0" tag="856">
      <subfield code="3">Red Deer College Access</subfield>
      <subfield code="u">http://site.ebrary.com/lib/rdcollege/Doc?id=10988172</subfield>
      <subfield code="z">(Unlimited Concurrent Users)</subfield>
      <subfield code="z">from ebrary Academic Complete</subfield>
   </datafield>
   <datafield ind1="4" ind2="0" tag="856">
      <subfield code="3">University of Alberta Access</subfield>
      <subfield code="u">http://dx.doi.org/10.1002/9781118698334</subfield>
      <subfield code="z">(Unlimited Concurrent Users)</subfield>
   </datafield>
   <datafield ind1=" " ind2=" " tag="949">
      <subfield code="h">UAIN</subfield>
      <subfield code="m">CONCORDIA</subfield>
      <subfield code="z">EBRARYACCN</subfield>
   </datafield>
   <datafield ind1=" " ind2=" " tag="949">
      <subfield code="h">UAIN</subfield>
      <subfield code="m">GPRC_INT</subfield>
      <subfield code="z">EBRARYACGP</subfield>
   </datafield>
   <datafield ind1=" " ind2=" " tag="949">
      <subfield code="h">UAIN</subfield>
      <subfield code="m">GR_MAC_INT</subfield>
      <subfield code="z">EBRARYACGM</subfield>
   </datafield>
   <datafield ind1=" " ind2=" " tag="949">
      <subfield code="h">UAIN</subfield>
      <subfield code="m">RED_DEER_C</subfield>
      <subfield code="z">EBRARYACRD</subfield>
   </datafield>
   <datafield ind1=" " ind2=" " tag="919">
      <subfield code="b">7425073</subfield>
   </datafield>
   <datafield ind1=" " ind2=" " tag="919">
      <subfield code="a">ebr10988172</subfield>
   </datafield>
   <datafield ind1=" " ind2=" " tag="926">
      <subfield code="a">Internet Access</subfield>
      <subfield code="w">LC</subfield>
      <subfield code="c">1</subfield>
      <subfield code="i">6815659-1001</subfield>
      <subfield code="l">INTERNET</subfield>
      <subfield code="m">UAINTERNET</subfield>
      <subfield code="r">Y</subfield>
      <subfield code="s">Y</subfield>
      <subfield code="t">E-RESOURCE</subfield>
      <subfield code="u">3/4/2015</subfield>
      <subfield code="x">E-BOOK</subfield>
      <subfield code="z">WILEYOL</subfield>
   </datafield>
   <datafield ind1=" " ind2=" " tag="926">
      <subfield code="a">Internet Access</subfield>
      <subfield code="w">LC</subfield>
      <subfield code="c">1</subfield>
      <subfield code="i">6815659-2001</subfield>
      <subfield code="k">DISCARD</subfield>
      <subfield code="l">INTERNET</subfield>
      <subfield code="m">CONCORDIA</subfield>
      <subfield code="r">Y</subfield>
      <subfield code="s">Y</subfield>
      <subfield code="t">E-RESOURCE</subfield>
      <subfield code="u">5/30/2016</subfield>
      <subfield code="x">E-BOOK</subfield>
      <subfield code="z">EBRARYACCN</subfield>
   </datafield>
   <datafield ind1=" " ind2=" " tag="926">
      <subfield code="a">Internet Access</subfield>
      <subfield code="w">LC</subfield>
      <subfield code="c">1</subfield>
      <subfield code="i">6815659-3001</subfield>
      <subfield code="k">DISCARD</subfield>
      <subfield code="l">INTERNET</subfield>
      <subfield code="m">GPRC_INT</subfield>
      <subfield code="r">Y</subfield>
      <subfield code="s">Y</subfield>
      <subfield code="t">E-RESOURCE</subfield>
      <subfield code="u">5/30/2016</subfield>
      <subfield code="x">E-BOOK</subfield>
      <subfield code="z">EBRARYACGP</subfield>
   </datafield>
   <datafield ind1=" " ind2=" " tag="926">
      <subfield code="a">Internet Access</subfield>
      <subfield code="w">LC</subfield>
      <subfield code="c">1</subfield>
      <subfield code="i">6815659-4001</subfield>
      <subfield code="k">DISCARD</subfield>
      <subfield code="l">INTERNET</subfield>
      <subfield code="m">GR_MAC_INT</subfield>
      <subfield code="r">Y</subfield>
      <subfield code="s">Y</subfield>
      <subfield code="t">E-RESOURCE</subfield>
      <subfield code="u">5/30/2016</subfield>
      <subfield code="x">E-BOOK</subfield>
      <subfield code="z">EBRARYACGM</subfield>
   </datafield>
   <datafield ind1=" " ind2=" " tag="926">
      <subfield code="a">Internet Access</subfield>
      <subfield code="w">LC</subfield>
      <subfield code="c">1</subfield>
      <subfield code="i">6815659-5001</subfield>
      <subfield code="k">DISCARD</subfield>
      <subfield code="l">INTERNET</subfield>
      <subfield code="m">RED_DEER_C</subfield>
      <subfield code="r">Y</subfield>
      <subfield code="s">Y</subfield>
      <subfield code="t">E-RESOURCE</subfield>
      <subfield code="u">5/30/2016</subfield>
      <subfield code="x">E-BOOK</subfield>
      <subfield code="z">EBRARYACRD</subfield>
   </datafield>
</record>
